<collection xmlns="http://www.loc.gov/MARC21/slim">
   <record>
      <leader>02494cam a2200445 i 4500</leader>
      <controlfield tag="001">6804854</controlfield>
      <controlfield tag="003">OCoLC</controlfield>
      <controlfield tag="005">20150324131055.0</controlfield>
      <controlfield tag="008">140523t20152015nyua     b    001 0 eng c</controlfield>
      <datafield ind1=" " ind2=" " tag="010">
         <subfield code="a">  2014020153</subfield>
      </datafield>
      <datafield ind1=" " ind2=" " tag="020">
         <subfield code="a">9780521763783 (hardback : alk. paper)</subfield>
      </datafield>
      <datafield ind1=" " ind2=" " tag="020">
         <subfield code="a">0521763789 (hardback : alk. paper)</subfield>
      </datafield>
      <datafield ind1=" " ind2=" " tag="020">
         <subfield code="a">9780521155731 (pbk. : alk. paper)</subfield>
      </datafield>
      <datafield ind1=" " ind2=" " tag="020">
         <subfield code="a">0521155738 (pbk. : alk. paper)</subfield>
      </datafield>
      <datafield ind1=" " ind2=" " tag="035">
         <subfield code="a">ocn880809132</subfield>
      </datafield>
      <datafield ind1=" " ind2=" " tag="039">
         <subfield code="a">exclude</subfield>
      </datafield>
      <datafield ind1=" " ind2=" " tag="040">
         <subfield code="a">IEN/DLC</subfield>
         <subfield code="b">eng</subfield>
         <subfield code="e">rda</subfield>
         <subfield code="c">INU</subfield>
         <subfield code="d">DLC</subfield>
         <subfield code="d">BTCTA</subfield>
         <subfield code="d">YDXCP</subfield>
         <subfield code="d">CDX</subfield>
         <subfield code="d">NKM</subfield>
         <subfield code="d">AEU</subfield>
      </datafield>
      <datafield ind1=" " ind2=" " tag="042">
         <subfield code="a">pcc</subfield>
      </datafield>
      <datafield ind1=" " ind2=" " tag="043">
         <subfield code="a">n-us---</subfield>
      </datafield>
      <datafield ind1="0" ind2="0" tag="050">
         <subfield code="a">E185.5.N276</subfield>
         <subfield code="b">A53 2015</subfield>
      </datafield>
      <datafield ind1="0" ind2="0" tag="082">
         <subfield code="a">323.1196/073</subfield>
         <subfield code="2">23</subfield>
      </datafield>
      <datafield ind1=" " ind2=" " tag="090">
         <subfield code="a">E185.5 .N276 A53 2015</subfield>
         <subfield code="b">AEGMCT</subfield>
      </datafield>
      <datafield ind1="1" ind2=" " tag="100">
         <subfield code="a">Anderson, Carol</subfield>
         <subfield code="q">(Carol Elaine),</subfield>
         <subfield code="e">author.</subfield>
         <subfield code="0">http://id.loc.gov/authorities/names/n2002041045</subfield>
         <subfield code="0">http://viaf.org/viaf/100326642</subfield>
      </datafield>
      <datafield ind1="1" ind2="0" tag="245">
         <subfield code="a">Bourgeois radicals :</subfield>
         <subfield code="b">the NAACP and the struggle for colonial liberation, 1941-1960 /</subfield>
         <subfield code="c">Carol Anderson, Emory University.</subfield>
      </datafield>
      <datafield ind1=" " ind2="1" tag="264">
         <subfield code="a">New York, NY :</subfield>
         <subfield code="b">Cambridge University Press,</subfield>
         <subfield code="c">2015.</subfield>
      </datafield>
      <datafield ind1=" " ind2="4" tag="264">
         <subfield code="c">©2015</subfield>
      </datafield>
      <datafield ind1=" " ind2=" " tag="300">
         <subfield code="a">xii, 372 pages :</subfield>
         <subfield code="b">illustrations ;</subfield>
         <subfield code="c">23 cm</subfield>
      </datafield>
      <datafield ind1=" " ind2=" " tag="336">
         <subfield code="a">text</subfield>
         <subfield code="b">txt</subfield>
         <subfield code="2">rdacontent</subfield>
         <subfield code="0">http://id.loc.gov/vocabulary/contentTypes/txt</subfield>
      </datafield>
      <datafield ind1=" " ind2=" " tag="337">
         <subfield code="a">unmediated</subfield>
         <subfield code="b">n</subfield>
         <subfield code="2">rdamedia</subfield>
         <subfield code="0">http://id.loc.gov/vocabulary/mediaTypes/n</subfield>
      </datafield>
      <datafield ind1=" " ind2=" " tag="338">
         <subfield code="a">volume</subfield>
         <subfield code="b">nc</subfield>
         <subfield code="2">rdacarrier</subfield>
         <subfield code="0">http://id.loc.gov/vocabulary/carriers/nc</subfield>
      </datafield>
      <datafield ind1=" " ind2=" " tag="504">
         <subfield code="a">Includes bibliographical references (pages 337-361) and index.</subfield>
      </datafield>
      <datafield ind1="0" ind2="0" tag="505">
         <subfield code="t">Introduction: de-centering Du Bois --</subfield>
         <subfield code="t">Rising wind --</subfield>
         <subfield code="t">"The white man's burden has not been very heavy" : the NAACP's anticolonial struggle against South Africa, 1946-1951 -- "An even larger issue than 'containing communism'": the NAACP and the Italian colonies --</subfield>
         <subfield code="t">So weak, so 17th century: Indonesia and the domestic jurisdiction of Dutch colonialism --</subfield>
         <subfield code="t">Regime change --</subfield>
         <subfield code="t">Conclusion: beyond the single story.</subfield>
      </datafield>
      <datafield ind1=" " ind2=" " tag="596">
         <subfield code="a">29</subfield>
      </datafield>
      <datafield ind1="2" ind2="0" tag="610">
         <subfield code="a">National Association for the Advancement of Colored People</subfield>
         <subfield code="x">History</subfield>
         <subfield code="y">20th century.</subfield>
         <subfield code="0">http://id.loc.gov/authorities/names/n80049704</subfield>
      </datafield>
      <datafield ind1=" " ind2="0" tag="650">
         <subfield code="a">Anti-imperialist movements</subfield>
         <subfield code="z">United States</subfield>
         <subfield code="x">History</subfield>
         <subfield code="y">20th century.</subfield>
      </datafield>
      <datafield ind1=" " ind2="0" tag="650">
         <subfield code="a">African Americans</subfield>
         <subfield code="x">Political activity.</subfield>
      </datafield>
      <datafield ind1=" " ind2=" " tag="758">
         <subfield code="0">http://worldcat.org/entity/work/id/23676681</subfield>
      </datafield>
      <datafield ind1="0" ind2=" " tag="787">
         <subfield code="n">OCLC Work Id</subfield>
         <subfield code="o">http://worldcat.org/entity/work/id/23676681</subfield>
      </datafield>
      <datafield ind1=" " ind2=" " tag="949">
         <subfield code="a">E185.5 .N276 A53 2015</subfield>
         <subfield code="h">GMCT-OS-B</subfield>
         <subfield code="i">1007408865</subfield>
         <subfield code="p">40.07</subfield>
         <subfield code="k">AVAIL_SOON</subfield>
      </datafield>
      <datafield ind1=" " ind2=" " tag="926">
         <subfield code="a">E185.5 .N276 A53 2015</subfield>
         <subfield code="w">LC</subfield>
         <subfield code="c">1</subfield>
         <subfield code="i">1007408865</subfield>
         <subfield code="d">3/16/2016</subfield>
         <subfield code="e">3/14/2016</subfield>
         <subfield code="l">ON_SHELF</subfield>
         <subfield code="m">GR_MACEWAN</subfield>
         <subfield code="n">8</subfield>
         <subfield code="p">$40.07</subfield>
         <subfield code="r">Y</subfield>
         <subfield code="s">Y</subfield>
         <subfield code="t">BOOK</subfield>
         <subfield code="u">3/31/2015</subfield>
      </datafield>
   </record>
</collection>
